@incollection{deBerg2000ComputationalGeometry,
  title={Computational geometry},
  author={De Berg, Mark and Van Kreveld, Marc and Overmars, Mark and Schwarzkopf, Otfried Cheong},
  booktitle={Computational geometry},
  pages={1--17},
  year={2000},
  publisher={Springer},
  language = {english}
}

@article{jarvis1973Jarvis,
	title={On the identification of the convex hull of a finite set of points in the plane},
	author={Jarvis, Ray A},
	journal={Information processing letters},
	volume={2},
	number={1},
	pages={18--21},
	year={1973},
	publisher={Elsevier}
}

@article{graham1972GrahamScan,
	title={An efficient algorith for determining the convex hull of a finite planar set},
	author={Graham, Ronald L},
	journal={Information processing letters},
	volume={1},
	number={4},
	pages={132--133},
	year={1972},
	publisher={Elsevier},
	language = {english}
}

@article{preparata1977DivideAndConquer,
	title={Convex hulls of finite sets of points in two and three dimensions},
	author={Preparata, Franco P. and Hong, Se June},
	journal={Communications of the ACM},
	volume={20},
	number={2},
	pages={87--93},
	year={1977},
	publisher={ACM},
	language = {english}
}

@article{barber1996Quickhull,
	title={The quickhull algorithm for convex hulls},
	author={Barber, C Bradford and Dobkin, David P and Huhdanpaa, Hannu},
	journal={ACM Transactions on Mathematical Software (TOMS)},
	volume={22},
	number={4},
	pages={469--483},
	year={1996},
	publisher={Acm},
	language = {english}
}

@article{preparata1979Incremental,
	title={An optimal real-time algorithm for planar convex hulls},
	author={Preparata, Franco P.},
	journal={Communications of the ACM},
	volume={22},
	number={7},
	pages={402--405},
	year={1979},
	publisher={ACM},
	language = {english}
}

@article{kirkpatrick1986ultimate,
	title={The ultimate planar convex hull algorithm?},
	author={Kirkpatrick, David G and Seidel, Raimund},
	journal={SIAM journal on computing},
	volume={15},
	number={1},
	pages={287--299},
	year={1986},
	publisher={SIAM},
	language = {english}
}

@article{chan1996Chan,
	title={Optimal output-sensitive convex hull algorithms in two and three dimensions},
	author={Chan, Timothy M},
	journal={Discrete \& Computational Geometry},
	volume={16},
	number={4},
	pages={361--368},
	year={1996},
	publisher={Springer},
	language = {english}
}

@inproceedings{pichardie2001formalizing,
	title={Formalizing convex hull algorithms},
	author={Pichardie, David and Bertot, Yves},
	booktitle={International Conference on Theorem Proving in Higher Order Logics},
	pages={346--361},
	year={2001},
	organization={Springer},
	language = {english}
}

@book{isoCppStd2017,
	title = {International Standard ISO/IEC 14882:2017 – Programming Language C++},
	publisher = {ISO/IEC},
	year = {2017},
	numpages = {1605},
	language = {english}
}

@online{matrokhin2017github,
	title={cvlabmiet/convex_hull_bst},
	author={Матрохин Д.А. и Голованов Р.В.},
	year={2017},
	medium={Электронный ресурс},
	url = {https://github.com/cvlabmiet/convex_hull_bst},
	urldate = {26.04.2018},
	language = {russian}
}

@online{incremental2005presentation,
	title={Incremental Convex Hull},
	year={2005},
	medium={Электронный ресурс},
	url = {http://instructor3.algorithmdesign.net/ppt/pdf1/IncrementalHull.pdf},
	urldate = {26.04.2018},
	language = {english}
}

@article{morse2000lecture,
	title={Lecture 9: shape description (regions)},
	author={Morse, Bryan S},
	journal={Brigham Young University (1998--2000)},
	year={2000},
	language = {english}
}

@article{mount2000lecture,
	title={Lecture 3: More Convex Hull Algorithms},
	author={David M. Mount},
	journal={Dept. of Computer Science,	University of Maryland},
	year={2000},
	language = {english}
}

@misc{gonzalez2012digital,
	title={Digital image processing},
	author={Gonzalez, Rafael C and Woods, Richard E},
	year={2012},
	publisher={Upper Saddle River, NJ: Prentice Hall},
	language = {english}
}

@online{algolist2010convexhull,
	title={Построение выпуклой оболочки конечного множества точек},
	author={Кантор Илья},
	year={2010},
	medium={Электронный ресурс},
	url = {http://algolist.manual.ru/maths/geom/convhull/},
	urldate = {29.04.2018},
	language = {russian}
}

@online{azadeh2013lecture,
	title={Lecture 9 Object Descriptors},
	author={Azadeh Fakhrzadeh},
	year={2013},
	medium={Электронный ресурс},
	url = {http://www.cb.uu.se/robin/TODB2013/lectures/f9.pdf},
	urldate = {29.04.2018},
	language = {english}
}

@online{opencvconvexhull,
	title={Документация OpenCV: Structural Analysis and Shape Descriptors},
	year={2018},
	medium={Электронный ресурс},
	url = {https://docs.opencv.org/trunk/d3/dc0/group__imgproc__shape.html#ga014b28e56cb8854c0de4a211cb2be656},
	urldate = {29.04.2018}
}

@online{cgalconvexhull,
	title={Документация CGAL 4.12 - 2D Convex Hulls and Extreme Points},
	year={2018},
	medium={Электронный ресурс},
	url = {https://doc.cgal.org/latest/Convex_hull_2/index.html},
	urldate = {29.04.2018}
}

@online{geomal2012tangents,
	title={Документация CGAL 4.12 - 2D Convex Hulls and Extreme Points},
	year={2018},
	medium={Электронный ресурс},
	url = {https://doc.cgal.org/latest/Convex_hull_2/index.html},
	urldate = {29.04.2018}
}

@online{instructor2004incremental,
	title={Incremental Convex Hull},
	author={Michael T. Goodrich and Roberto Tamassia},
	year={2004},
	medium={Электронный ресурс},
	url = {http://instructor3.algorithmdesign.net/ppt/},
	urldate = {01.05.2018},
	language = {english}
}

